<record><leader>00000cas a22000007a 4500</leader><controlfield tag="001">17735948</controlfield><controlfield tag="008">880405d19751982ohuwn ne      0    0eng d</controlfield><datafield ind1=" " ind2=" " tag="010"><subfield code="a">sn 88078410 </subfield></datafield><datafield ind1=" " ind2=" " tag="040"><subfield code="a">ONP</subfield><subfield code="b">eng</subfield><subfield code="c">ONP</subfield><subfield code="d">OCLCQ</subfield></datafield><datafield ind1=" " ind2=" " tag="042"><subfield code="a">msc</subfield></datafield><datafield ind1="0" ind2=" " tag="130"><subfield code="a">Hiram advance (Hiram, Ohio : 1975)</subfield></datafield><datafield ind1="1" ind2="4" tag="245"><subfield code="a">The Hiram advance.</subfield></datafield><datafield ind1="3" ind2="0" tag="246"><subfield code="a">Advance</subfield></datafield><datafield ind1=" " ind2=" " tag="260"><subfield code="a">[Hiram, Ohio] :</subfield><subfield code="b">Students of Hiram College,</subfield><subfield code="c">1975-1982.</subfield></datafield><datafield ind1=" " ind2=" " tag="300"><subfield code="a">v.</subfield></datafield><datafield ind1=" " ind2=" " tag="310"><subfield code="a">Weekly (during the school year)</subfield></datafield><datafield ind1="0" ind2=" " tag="362"><subfield code="a">Sept. 19, 1975-no. 20 (May 18, 1982).</subfield></datafield><datafield ind1=" " ind2=" " tag="500"><subfield code="a">Published as: Advance, Jan. 23-May 26, 1978.</subfield></datafield><datafield ind1=" " ind2=" " tag="500"><subfield code="a">Published for the students of Hiram College.</subfield></datafield><datafield ind1=" " ind2=" " tag="515"><subfield code="a">Volume numbering varies.</subfield></datafield><datafield ind1=" " ind2=" " tag="752"><subfield code="a">United States</subfield><subfield code="b">Ohio</subfield><subfield code="c">Portage</subfield><subfield code="d">Hiram.</subfield></datafield><datafield ind1="0" ind2="0" tag="780"><subfield code="t">Advance (Hiram, Ohio : 1974)</subfield><subfield code="w">(DLC)sn 88078409</subfield></datafield><datafield ind1="0" ind2="0" tag="785"><subfield code="t">Advance (Hiram, Ohio : 1982)</subfield><subfield code="w">(DLC)sn 91069840</subfield></datafield></record>